@misc{stewart_grandpa:_2019,
	title = {{GRANDPA}: {A} {Byzantine} {Finality} {Gadget}},
	author = {Stewart, Alistair},
	year = {2019},
}

@techreport{w3f_research_group_blind_2019,
	address = {http://research.web3.foundation/en/latest/polkadot/BABE/Babe/},
	type = {Technical {Specification}},
	title = {Blind {Assignment} for {Blockchain} {Extension}},
	url = {http://research.web3.foundation/en/latest/polkadot/BABE/Babe/},
	institution = {Web 3.0 Foundation},
	author = {W3F Research Group},
	year = {2019}
}

@inproceedings{david_ouroboros_2018,
	title = {Ouroboros praos: {An} adaptively-secure, semi-synchronous proof-of-stake blockchain},
	booktitle = {Annual {International} {Conference} on the {Theory} and {Applications} of {Cryptographic} {Techniques}},
	publisher = {Springer},
	author = {David, Bernardo and Ga≈æi, Peter and Kiayias, Aggelos and Russell, Alexander},
	year = {2018},
	pages = {66--98}
}

@techreport{collet_extremely_2019,
	address = {http://cyan4973.github.io/xxHash/},
	title = {Extremely fast non-cryptographic hash algorithm},
	url = {http://cyan4973.github.io/xxHash/},
	institution = {-},
	author = {Collet, Yann},
	year = {2019}
}

@techreport{saarinen_blake2_2015,
	address = {https://tools.ietf.org/html/rfc7693},
	type = {{RFC}},
	title = {The {BLAKE}2 cryptographic hash and message authentication code ({MAC})},
	url = {https://tools.ietf.org/html/rfc7693},
	number = {7693},
	institution = {-},
	author = {Saarinen, Markku Juhani and Aumasson, Jean-Philippe},
	year = {2015}
}

@article{wood_polkadot:_2016,
	title = {Polkadot: {Vision} for a heterogeneous multi-chain framework},
	journal = {White Paper},
	author = {Wood, Gavin},
	year = {2016},
}

@techreport{parity_technologies_substrate_2019,
	address = {https://substrate.dev/rustdocs/},
	type = {Rust {Doc}},
	title = {Substrate {Reference} {Documentation}},
	url = {https://substrate.dev/rustdocs/},
	institution = {Parity Technologies},
	author = {Parity Technologies},
	year = {2019}
}

@techreport{protocol_labs_libp2p_2019,
	address = {https://github.com/libp2p/specs},
	title = {libp2p {Specification}},
	url = {https://github.com/libp2p/specs},
	institution = {Protocol labs},
	author = {Protocol labs},
	year = {2019}
}

@techreport{perrin_noise_2018,
	address = {https://noiseprotocol.org/noise.html},
	title = {The {Noise} {Protocol} {Framework}},
	url = {https://noiseprotocol.org/noise.html},
	author = {Perrin, Trevor},
	year = {2018}
}

@article{liusvaara_edwards-curve_2017,
	title = {Edwards-{Curve} {Digital} {Signature} {Algorithm} ({EdDSA})},
	author = {Liusvaara, Ilari and Josefsson, Simon},
	year = {2017}
}

@inproceedings{josefsson_edwards-curve_2017,
	title = {Edwards-curve digital signature algorithm ({EdDSA})},
	volume = {8032},
	booktitle = {Internet {Research} {Task} {Force}, {Crypto} {Forum} {Research} {Group}, {RFC}},
	author = {Josefsson, Simon and Liusvaara, Ilari},
	year = {2017}
}

@techreport{burdges_schnorr_2019,
	title = {Schnorr {VRFs} and signatures on the {Ristretto} group},
	url = {https://github.com/w3f/schnorrkel},
	author = {Burdges, Jeff},
	year = {2019}
}

@techreport{paritytech_genesis_state,
	address = {https://github.com/paritytech/polkadot/tree/master/node/service/res/},
	title = {Polkadot {Genisis} {State}},
	url = {https://github.com/paritytech/polkadot/tree/master/node/service/res/},
	author = {Parity Tech},
	year = {2020}
}

@techreport{w3f_polkadot-spec,
	address = {https://github.com/w3f/polkadot-spec},
	title = {Polkadot Protocol {Specification}},
	url = {https://github.com/w3f/polkadot-spec},
	author = {Web3.0 Technologies Foundation},
	year = {2021}
}

@techreport{w3f_rs-ec-perf_2021,
	title = {Reed Solomon Erasure encoding library base on Novel Polynomial Basis},
	url = {https://github.com/w3f/rs-ec-perf},
	author = {Burdges, Jeff},
	year = {2019}
}
